<?xml version="1.0" encoding="UTF-8"?><collection xmlns="http://www.loc.gov/MARC21/slim"><record><leader>00433nam--2200169-i-4500</leader><controlfield tag="001">000034227</controlfield><controlfield tag="002">20161230</controlfield><controlfield tag="005">20161230201039</controlfield><controlfield tag="008">060222s1000------------r-----000-0-eng-d</controlfield><datafield ind1=" " ind2=" " tag="040"><subfield code="a">IFIN-HH</subfield></datafield><datafield ind1=" " ind2=" " tag="080"><subfield code="a">621.375.826:533.9:539.175.3</subfield></datafield><datafield ind1="1" ind2=" " tag="100"><subfield code="a">Motz, H</subfield></datafield><datafield ind1="1" ind2="0" tag="245"><subfield code="a">The physics of laser fusion</subfield><subfield code="c">H. motz</subfield></datafield><datafield ind1=" " ind2=" " tag="260"><subfield code="a">London, Academic Press, 1979,</subfield></datafield><datafield ind1=" " ind2=" " tag="300"><subfield code="a">IX + 290P</subfield></datafield><datafield ind1=" " ind2=" " tag="852"><subfield code="a">47300</subfield><subfield code="c">533.9</subfield></datafield><datafield ind1=" " ind2=" " tag="CAT"><subfield code="a">Sys</subfield><subfield code="c">20100929</subfield><subfield code="h">104809</subfield></datafield></record></collection>